
@article{imanaka_autotriggering_2000,
	title = {Autotriggering caused by cardiogenic oscillation during flow-triggered mechanical ventilation},
	volume = {28},
	issn = {0090-3493},
	url = {https://journals.lww.com/ccmjournal/Abstract/2000/02000/Autotriggering_caused_by_cardiogenic_oscillation.19.aspx},
	pages = {402--407},
	number = {2},
	journaltitle = {Critical Care Medicine},
	author = {Imanaka, Hideaki and Nishimura, Masaji and Takeuchi, Muneyuki and Kimball, William R. and Yahagi, Naoki and Kumon, Keiji},
	urldate = {2021-08-02},
	date = {2000-02},
	langid = {american},
	keywords = {physiology},
}

@article{arbour_cardiogenic_2009,
	title = {Cardiogenic Oscillation and Ventilator Autotriggering in Brain-Dead Patients: A Case Series},
	volume = {18},
	issn = {1062-3264},
	url = {https://doi.org/10.4037/ajcc2009690},
	doi = {10.4037/ajcc2009690},
	pages = {496--488},
	number = {5},
	journaltitle = {American Journal of Critical Care},
	shortjournal = {American Journal of Critical Care},
	author = {Arbour, Richard},
	urldate = {2022-05-07},
	date = {2009-09-01},
	keywords = {case},
}

@article{takekawa_delayed_2021,
	title = {Delayed tracheal extubation after cardiac surgery due to cardiogenic ventilator auto-triggering: a case report},
	volume = {7},
	issn = {2363-9024},
	url = {https://doi.org/10.1186/s40981-021-00458-4},
	doi = {10.1186/s40981-021-00458-4},
	shorttitle = {Delayed tracheal extubation after cardiac surgery due to cardiogenic ventilator auto-triggering},
	pages = {55},
	number = {1},
	journaltitle = {{JA} Clinical Reports},
	shortjournal = {{JA} Clinical Reports},
	author = {Takekawa, Daiki and Uchida, Satoshi and Hirota, Kazuyoshi},
	urldate = {2022-05-07},
	date = {2021-07-12},
	keywords = {case},
}

@article{west_pulsatile_1961,
	title = {Pulsatile gas flow in bronchi caused by the heart beat},
	volume = {16},
	issn = {8750-7587},
	url = {https://journals.physiology.org/doi/abs/10.1152/jappl.1961.16.4.697},
	doi = {10.1152/jappl.1961.16.4.697},
	pages = {697--702},
	number = {4},
	journaltitle = {Journal of Applied Physiology},
	author = {West, J. B. and Hugh-Jones, P.},
	urldate = {2022-05-07},
	date = {1961-07},
	note = {Publisher: American Physiological Society},
	keywords = {physiology},
}

@article{suarez-sipmann_pulmonary_2013,
	title = {Pulmonary artery pulsatility is the main cause of cardiogenic oscillations},
	volume = {27},
	issn = {1573-2614},
	url = {https://doi.org/10.1007/s10877-012-9391-8},
	doi = {10.1007/s10877-012-9391-8},
	pages = {47--53},
	number = {1},
	journaltitle = {Journal of Clinical Monitoring and Computing},
	shortjournal = {J Clin Monit Comput},
	author = {Suarez-Sipmann, Fernando and Santos, Arnoldo and Peces-Barba, German and Bohm, Stephan H. and Gracia, José Luis and Calderón, Pilar and Tusman, Gerardo},
	urldate = {2022-05-07},
	date = {2013-02-01},
	langid = {english},
	keywords = {physiology},
}

@article{arieli_cardiogenic_1983,
	title = {Cardiogenic oscillations in expired gas: origin and mechanism},
	volume = {52},
	issn = {0034-5687},
	url = {https://www.sciencedirect.com/science/article/pii/0034568783900051},
	doi = {10.1016/0034-5687(83)90005-1},
	shorttitle = {Cardiogenic oscillations in expired gas},
	pages = {191--204},
	number = {2},
	journaltitle = {Respiration Physiology},
	shortjournal = {Respiration Physiology},
	author = {Arieli, Ran},
	urldate = {2022-05-07},
	date = {1983-05-01},
	langid = {english},
	keywords = {physiology},
}

@article{wijdicks_ventilator_2005,
	title = {Ventilator self-cycling may falsely suggest patient effort during brain death determination},
	volume = {65},
	rights = {© 2005},
	issn = {0028-3878, 1526-632X},
	url = {https://n.neurology.org/content/65/5/774.1},
	doi = {10.1212/01.wnl.0000174626.94197.62},
	pages = {774--774},
	number = {5},
	journaltitle = {Neurology},
	author = {Wijdicks, Eelco F. M. and Manno, Edward M. and Holets, Steven R.},
	urldate = {2022-05-07},
	date = {2005-09-13},
	langid = {english},
	pmid = {16157923},
	keywords = {case},
}
