@article{imanaka_autotriggering_2000,
	title = {Autotriggering caused by cardiogenic oscillation during flow-triggered mechanical ventilation},
	volume = {28},
	issn = {0090-3493},
	url = {https://journals.lww.com/ccmjournal/Abstract/2000/02000/Autotriggering_caused_by_cardiogenic_oscillation.19.aspx},
	pages = {402--407},
	number = {2},
	journaltitle = {Critical Care Medicine},
	author = {Imanaka, Hideaki and Nishimura, Masaji and Takeuchi, Muneyuki and Kimball, William R. and Yahagi, Naoki and Kumon, Keiji},
	urldate = {2021-08-02},
	date = {2000-02},
	langid = {american},
	keywords = {Asynchronie},
}
